<?xml version='1.0' encoding='UTF-8'?>
<record xmlns="http://www.loc.gov/MARC21/slim">
  <leader>01522nam a2200253Ii 4500</leader>
  <controlfield tag="001">5657297</controlfield>
  <controlfield tag="003">NjP</controlfield>
  <controlfield tag="005">20090206135807.0</controlfield>
  <controlfield tag="008">090206s1862    sy            000 0 ara d</controlfield>
  <datafield tag="024" ind1="7" ind2=" ">
    <subfield code="a">princeton_aco002571</subfield>
    <subfield code="2">local</subfield>
  </datafield>
  <datafield ind1=" " ind2=" " tag="035">
    <subfield code="a">(OCoLC)ocn301973291</subfield>
  </datafield>
  <datafield ind1=" " ind2=" " tag="040">
    <subfield code="a">PUL</subfield>
    <subfield code="c">PUL</subfield>
  </datafield>
  <datafield ind1=" " ind2=" " tag="035">
    <subfield code="a">(OCoLC)301973291</subfield>
  </datafield>
  <datafield ind1=" " ind2=" " tag="079">
    <subfield code="a">ocn301973290</subfield>
  </datafield>
  <datafield ind1=" " ind2=" " tag="090">
    <subfield code="a">BS315</subfield>
    <subfield code="b">.A65 1862</subfield>
  </datafield>
  <datafield ind1=" " ind2=" " tag="049">
    <subfield code="a">PULL</subfield>
  </datafield>
  <datafield ind1="0" ind2=" " tag="130">
    <subfield code="a">Bible.</subfield>
    <subfield code="p">N.T.</subfield>
    <subfield code="l">Arabic.</subfield>
    <subfield code="f">1862.</subfield>
    <subfield code="k">Selections</subfield>
  </datafield>
  <datafield ind1="0" ind2="0" tag="245">
    <subfield code="6">880-01</subfield>
    <subfield code="a">Kitāb al-Abarkasīs ay Aʻmāl al-Rasul al-Qiddīsīn, wa-Rasāyil Mār Būlus al-Rasūl wa-Yaʻqūb wa-Buṭrus wa-Yūḥannā, wa-Yahūdhā , wa-Abūkālubisīs.</subfield>
  </datafield>
  <datafield ind1="3" ind2=" " tag="246">
    <subfield code="6">880-02</subfield>
    <subfield code="a">Abarkasīs ay Aʻmāl al-Rasul al-Qiddīsīn, wa-Rasāyil Mār Būlus al-Rasūl wa-Yaʻqūb wa-Buṭrus wa-Yūḥannā, wa-Yahūdhā , wa-Abūkālubisīs.</subfield>
  </datafield>
  <datafield ind1=" " ind2=" " tag="260">
    <subfield code="6">880-03</subfield>
    <subfield code="a">Ḥalab :</subfield>
    <subfield code="b">Mārī Yūsuf Maṭar Muṭrān al-Ṭāyifah al-Mārūnīyah,</subfield>
    <subfield code="c">1862.</subfield>
  </datafield>
  <datafield ind1=" " ind2=" " tag="300">
    <subfield code="a">385 p. ;</subfield>
    <subfield code="c">23 cm.</subfield>
  </datafield>
  <datafield ind1="0" ind2="0" tag="880">
    <subfield code="6">245-01/r</subfield>
    <subfield code="a">كتاب الابركسيس اي اعمال الرسل القديسين، ورسايل مار بولس الرسول ويعقوب وبطرس ويوحنا، ويهوذا ، وابوكالبسيس.</subfield>
  </datafield>
  <datafield ind1="3" ind2=" " tag="880">
    <subfield code="6">246-02/r</subfield>
    <subfield code="a">ابركسيس اي اعمال الرسل القديسين، ورسايل مار بولس الرسول ويعقوب وبطرس ويوحنا، ويهوذا ، وابوكالبسيس.</subfield>
  </datafield>
  <datafield ind1=" " ind2=" " tag="880">
    <subfield code="6">260-03/r</subfield>
    <subfield code="a">حلب :</subfield>
    <subfield code="b">ماري يوسف مطر مطران الطايفة المارونية،</subfield>
    <subfield code="c">1862.</subfield>
  </datafield>
  <datafield ind1=" " ind2=" " tag="994">
    <subfield code="a">C0</subfield>
    <subfield code="b">PUL</subfield>
  </datafield>
  <datafield ind1=" " ind2=" " tag="902">
    <subfield code="a">jab</subfield>
    <subfield code="b">o</subfield>
    <subfield code="6">a</subfield>
    <subfield code="7">m</subfield>
    <subfield code="d">v</subfield>
    <subfield code="f">1</subfield>
    <subfield code="e">20090206</subfield>
  </datafield>
  <datafield ind1="0" ind2=" " tag="852">
    <subfield code="0">5762456</subfield>
    <subfield code="b">nec</subfield>
    <subfield code="h">BS315</subfield>
    <subfield code="i">.A65 1862</subfield>
  </datafield>
  <datafield ind1=" " ind2=" " tag="959">
    <subfield code="a">2009-02-06 14:00:05 -0500</subfield>
  </datafield>
</record>
